<collection xmlns="http://www.loc.gov/MARC21/slim">
<record>
  <leader>01004nam0a22002291i 450 </leader>
  <controlfield tag="001">IT\ICCU\CNCE\074804</controlfield>
  <controlfield tag="005">20100125000000.0</controlfield>
  <datafield tag="100" ind1=" " ind2=" ">
    <subfield code="a">20091005d1586        0itac0103    ba</subfield>
  </datafield>
  <datafield tag="101" ind1=" " ind2=" ">
    <subfield code="a">HEB</subfield>
  </datafield>
  <datafield tag="102" ind1=" " ind2=" ">
    <subfield code="a">IT</subfield>
  </datafield>
  <datafield tag="200" ind1="1" ind2=" ">
    <subfield code="a">Sefer hazon le-mo&apos;ed perus ... &apos;al Dani&apos;el ...</subfield>
  </datafield>
  <datafield tag="210" ind1=" " ind2=" ">
    <subfield code="a">Venezia</subfield>
    <subfield code="c">Giovanni di Gara</subfield>
    <subfield code="d">1586</subfield>
  </datafield>
  <datafield tag="215" ind1=" " ind2=" ">
    <subfield code="a">6, 112 c.</subfield>
    <subfield code="d">4o</subfield>
  </datafield>
  <datafield tag="300" ind1=" " ind2=" ">
    <subfield code="a">G. Busi, Edizioni ebraiche del XVI secolo nelle biblioteche dell&apos;Emilia Romagna, Bologna 1987, n. 190. -  Segn.: ast6 1-28/4. -  Sul front. portale xilogrEd. tutta in ebraico</subfield>
  </datafield>
  <datafield tag="620" ind1=" " ind2=" ">
    <subfield code="a">IT</subfield>
    <subfield code="d">Venezia</subfield>
  </datafield>
  <datafield tag="712" ind1="0" ind2="0">
    <subfield code="a">De_Gara, Giovanni</subfield>
    <subfield code="3">IT\ICCU\CNCT\001291</subfield>
    <subfield code="4">650</subfield>
  </datafield>
  <datafield tag="791" ind1="0" ind2="0">
    <subfield code="a">Gara, Giovanni de</subfield>
    <subfield code="3">IT\ICCU\CNCT\003206</subfield>
    <subfield code="z">De_Gara, Giovanni</subfield>
  </datafield>
  <datafield tag="791" ind1="0" ind2="0">
    <subfield code="a">Di_Gara, Giovanni</subfield>
    <subfield code="3">IT\ICCU\CNCT\003746</subfield>
    <subfield code="z">De_Gara, Giovanni</subfield>
  </datafield>
  <datafield tag="791" ind1="0" ind2="0">
    <subfield code="a">Gareus, Ioannes</subfield>
    <subfield code="3">IT\ICCU\CNCT\004567</subfield>
    <subfield code="z">De_Gara, Giovanni</subfield>
  </datafield>
  <datafield tag="791" ind1="0" ind2="0">
    <subfield code="a">Gara, Ioannes</subfield>
    <subfield code="3">IT\ICCU\CNCT\004568</subfield>
    <subfield code="z">De_Gara, Giovanni</subfield>
  </datafield>
  <datafield tag="801" ind1=" " ind2="3">
    <subfield code="a">IT</subfield>
    <subfield code="b">ICCU</subfield>
    <subfield code="c">20201115</subfield>
  </datafield>
  <datafield tag="899" ind1=" " ind2=" ">
    <subfield code="a">Biblioteca comunale dell&apos;Archiginnasio. Bologna</subfield>
    <subfield code="1">BO0304</subfield>
    <subfield code="2">UBO GA</subfield>
  </datafield>
</record>
</collection>
